5180
3911
1005
6192
7905
2077
942
3931
8828
1456
9466
7913
1780
9074
9518
7582
8584
7627
970
9277
4784
3301
7450
1132
1647
3351
1397
4828
6964
6871
1776
4609
20
4084
7755
1199
9881
3094
6811
3277
6724
9189
5197
9961
2761
750
2037
4890
5903
3673
9865
2795
5441
759
21
1469
651
111
5297
7620
1713
5354
1529
6300
8625
2989
1320
1530
8379
4015
6090
6422
1335
4408
6633
7274
1202
1802
1747
4997
5432
342
7952
8403
6875
2618
1127
6009
9648
4723
7870
7714
6607
7677
7367
7909
2075
4982
2072
9251
8462
7864
9153
3116
4537
7791
6862
8764
6880
3152
5879
5202
42
3112
8611
4598
7944
2340
7641
9863
8053
1764
3033
5641
961
896
4840
3331
5669
6769
8061
2626
85
488
463
4225
5014
2825
3162
4429
7219
7879
8787
1289
3142
9998
2590
1994
2227
1442
6070
9484
7133
6059
94
867
5333
6878
1859
5688
6473
9989
1124
2595
4515
8302
200
3062
6383
1418
7126
4604
9118
8161
6516
8346
257
472
1793
4409
6452
1402
2015
6243
3178
6883
8372
4785
3544
7267
9876
8289
4359
4046
856
8757
5400
8919
6798
8073
8475
8555
5816
5069
8651
8717
1964
9341
4117
6823
2250
2545
8319
4180
9661
6945
2042
1248
5702
225
8760
7680
1120
6623
5313
7555
5892
2602
1141
722
5055
6260
5805
4855
1577
7044
8170
3191
8711
1949
8473
7009
3082
573
3326
8585
7384
8820
5431
5387
7306
6000
5395
4880
4732
3529
4716
6013
8039
1264
3163
9142
2276
2483
545
3117
5215
2210
7033
3959
9447
4845
2367
7689
6744
9096
9402
5165
5946
2755
822
4711
4685
5675
2222
6318
185
3818
8853
5590
5125
2125
6091
1119
8639
5789
9974
8272
2963
6194
7175
6780
3708
2998
7058
1902
356
1026
2291
7676
4645
566
9655
8575
9521
695
9925
9580
7874
9386
4526
4928
3315
6629
476
4059
105
8903
736
1648
5365
2262
2479
2491
2958
8607
6954
4478
6690
9819
8688
279
6535
6149
3030
4510
5639
7084
5300
6418
4988
3061
8834
1002
9851
9598
719
746
2040
2567
3433
1779
3967
3675
3029
5866
5249
8249
8684
7661
9982
3001
6491
9015
995
3735
1009
1728
7036
4859
3906
1925
9609
7344
1740
5080
5609
9261
579
6464
6420
6935
4220
4787
437
9241
438
6740
421
2961
4669
5093
8821
2945
753
7173
79
9359
3386
2141
9419
2010
6347
3177
7361
1762
4861
3983
2660
6706
4715
4575
1355
5908
9696
7796
8597
1024
7128
5634
4726
7943
2386
6484
4563
2257
4786
8135
6408
1518
7858
3739
8882
5248
5277
5618
7432
627
2969
1968
9767
4814
24
8800
4027
2856
2436
2779
6745
8493
3841
7115
5361
1185
4241
1625
1502
4907
8009
9400
6917
9895
3475
7778
2131
3037
1104
5152
4449
7702
9603
3628
8278
3011
3937
116
8766
5842
4538
5843
8830
6185
319
9995
8846
3121
7072
6225
6387
7051
3753
109
9770
9464
3146
1869
658
8325
3399
4592
1102
4379
180
2487
6611
2039
5004
7073
8084
7400
8794
4554
7436
9726
7048
5793
8986
6971
9664
9146
19
4642
5502
8467
1488
546
6151
7131
7916
8060
4451
8297
3197
2361
2129
5944
5287
6050
6131
2628
394
7738
9775
8921
6014
1874
4294
6856
5487
706
2329
9645
9281
4154
8223
5663
4398
1458
3038
7172
9801
943
75
8112
5737
4473
618
1452
5998
514
123
2685
179
8633
6309
2351
5683
7412
3466
1821
4395
9041
4613
507
9592
8776
8003
8221
2255
7459
3956
4500
6905
958
5994
1236
6016
6915
1351
6837
6271
8408
9192
8963
702
2089
8716
8926
4886
8211
9624
1338
7417
1605
2673
9314
1446
9285
3365
6874
3004
4998
7462
510
4763
7973
1908
2664
1107
1101
8586
1733
2879
8222
5680
6892
4794
5376
4065
6431
4415
1333
3086
3402
307
4983
2514
4486
5138
1858
7880
3611
8241
2622
7631
3381
388
1139
7807
4455
7502
4934
7097
9962
5988
1434
2298
8253
8345
3387
6556
2763
1811
5111
596
7562
29
7797
7824
1428
9443
9889
1836
3933
5118
5767
265
3790
7402
9270
4162
9467
412
2532
7962
4325
3314
6329
5344
7723
9161
9941
8024
8183
4864
4650
8067
6052
4655
5272
9100
8018
4507
2153
360
6232
8731
4315
8316
770
2271
4800
5280
6195
9437
5097
9320
6785
4696
1971
8264
1537
6415
505
3718
9037
5878
3517
9862
7597
6976
6649
9007
8924
8980
142
1315
4653
7647
4772
717
9428
4318
6553
3664
3221
5764
2786
5831
1886
5559
7934
4540
8000
7541
1755
5157
453
3978
2093
3436
135
8174
1506
8613
470
845
3713
2703
8492
8275
6217
1050
2447
6863
6283
4656
5726
3013
9345
31
6210
6674
2504
76
1521
660
2477
4208
3787
6378
3612
9959
289
9578
8126
9152
6334
3010
3890
4469
2456
9173
464
1993
3835
740
8666
9553
6409
4857
3865
7284
8023
542
4457
8891
182
4190
8389
7065
5399
2885
7136
5709
7793
3159
2052
424
7337
5276
4606
8063
7719
3136
5414
1232
487
8255
684
1962
6266
6406
4248
4959
5005
4050
4498
7317
2530
5375
5938
980
2674
3245
8509
9005
7982
4558
7477
294
7892
5085
5446
5514
5488
6675
5193
8167
7363
8713
9114
6994
1613
6335
8093
2689
4266
5513
491
2911
5176
9570
3250
4675
4411
9906
1401
947
9949
6527
2392
1602
8158
5860
8022
9122
1604
9805
8277
2275
4499
3088
9219
6492
9715
654
5948
7206
5941
436
4340
151
5782
9495
7594
1300
3063
4709
4179
2041
2694
9972
8331
8276
2457
7118
5661
1678
7876
6513
3185
7207
653
6710
2849
6182
1342
6849
3192
7057
7687
1751
1269
3755
8451
6015
8712
5612
6589
8803
2455
2006
455
3101
1744
5593
4291
261
9370
7825
2103
6996
6809
7171
4868
7700
1110
9224
7592
9937
7567
263
2914
4672
5560
7080
178
8623
5734
9559
7300
9053
6733
7220
8831
7648
1803
7077
2343
4846
9633
1735
7002
3583
8486
7932
2045
4894
5296
7453
2192
7393
7307
691
6765
2401
7354
6564
7532
7919
3539
4470
4712
5468
4146
1291
328
114
4778
1464
3438
6697
9458
7526
8123
5374
4940
911
9067
3271
332
6746
7273
2107
8208
3204
3606
8304
2912
9511
9913
8740
6458
1618
6413
5175
2198
5563
9993
5291
7365
639
5201
404
9120
5814
6565
3953
5884
2026
2189
3427
3688
2165
5564
7085
6328
6203
3793
3636
3322
8469
5498
6978
300
1781
3498
4867
1572
6386
8201
2907
7777
6838
1143
2463
9247
5220
1581
7349
2100
8356
231
6439
4852
1758
7815
757
1552
2362
214
7004
1437
4611
992
8488
5747
8380
3740
1207
9717
6411
5058
6650
6355
3901
4288
2688
6291
8420
2096
8792
2941
5322
7645
7105
1439
7763
3362
1721
8911
9753
561
3863
1466
3113
9191
4133
1054
4148
5655
9230
1887
6545
8603
3007
2684
5952
3050
9725
4775
7071
6353
3454
3968
4263
7202
6156
9254
25
5962
1697
8288
1947
4010
8301
250
9046
9751
3405
661
5646
8191
2621
1398
3397
2645
8653
1497
8526
1508
4019
9187
5601
2892
5141
7102
1154
4083
2732
8822
2175
3360
715
8228
5931
4251
5036
4185
6064
6661
1953
8416
5967
3054
7391
2151
6498
327
7660
439
6888
7174
3345
965
6004
7182
6470
9111
6739
5274
1172
9600
7710
9379
9311
6767
6012
9874
5000
9392
9541
9006
9762
5945
5673
5861
3334
8115
3133
6128
5310
4216
3851
6082
5254
3453
758
3627
4311
5707
4267
8598
1461
9662
5285
8139
4888
9946
3201
9218
9634
1295
508
7075
7275
2259
3745
1608
2527
665
9180
5651
7234
6175
9932
5139
7406
6543
7906
2701
7705
4539
271
5279
326
5319
4620
8953
8842
8962
8732
6315
1865
6709
9877
92
4212
2186
4215
5321
4484
9332
9407
673
7995
2247
8431
72
9532
4082
1709
1267
8564
3957
2780
8041
8735
9894
7046
5456
3230
952
7039
6689
6018
6076
7155
7197
5565
2658
1211
8172
6247
3263
7516
8194
2890
2335
1362
1978
3533
8499
131
3754
5392
9269
6223
8997
9112
5478
9546
1778
10
8557
8605
8108
8329
5841
2028
1273
3180
8682
1526
3883
9966
7074
3894
8634
9243
8534
7294
3670
6028
7420
6718
4943
771
8696
2768
2212
8398
304
560
2744
7936
9095
4489
5146
5552
285
5188
1912
9824
2502
879
694
6469
553
7832
1705
3036
3694
3802
7713
5026
8925
430
5429
6065
6460
2738
4877
8287
5466
5906
2798
5372
4557
240
857
3534
4610
6801
2418
8553
7560
8661
4678
6855
8543
446
5242
7512
5613
2188
3965
6465
6098
6721
3108
8426
5519
7242
5787
4111
1981
8502
2551
5126
4869
3554
4474
3893
9264
9915
8088
790
1567
3607
4764
8815
4031
5610
8409
5526
7965
6428
6900
2181
292
989
4810
4121
7860
687
7433
2493
6129
1987
49
2597
7261
1517
2943
2434
6641
2297
9018
9401
7546
101
5008
1532
3480
3115
4153
8352
4816
6046
744
7487
9635
4445
1494
7957
7672
941
8943
1426
5219
5712
6762
9920
8920
374
1485
6794
2279
2953
6540
8079
4570
5876
9743
5016
4296
9043
3041
2908
9507
8107
4412
2157
6011
9774
6730
206
7007
7389
8961
7945
372
6241
9792
3701
7110
6692
2424
4550
1984
7001
2112
9687
175
4793
2858
1219
6165
7150
3132
2754
1870
8085
2535
2078
7883
5265
5099
4367
4766
5904
5074
858
7893
2844
5435
6489
8991
2480
5035
1976
548
6853
8720
6314
626
1114
1072
7654
3602
2783
9879
4601
2582
2992
6280
7529
7225
6377
5495
3021
1956
3849
7347
9695
4090
7856
3223
3821
5103
7226
2024
1263
617
7640
2794
7468
9367
2237
5905
413
9165
9061
2971
2743
2872
4791
6712
8843
6204
1218
9713
177
4980
352
5821
9381
7585
1693
9739
4333
3782
1855
733
5727
298
563
3579
5366
710
9582
7326
6228
7232
1656
2759
309
3891
1358
3256
6454
8562
6471
2346
7665
6906
73
9297
3446
8341
4710
2387
7527
3895
9808
1493
4839
9103
2049
5959
1451
8942
9008
4746
3613
4990
7289
254
2947
2580
9538
7381
1496
2987
2561
4186
3237
7545
3622
1889
3087
8383
2068
611
8978
5509
1004
7016
8964
2713
6197
1034
4363
966
4954
1341
9565
4392
5947
6510
4168
7987
3261
2528
946
7863
1640
1163
7092
3684
4405
1523
9200
9483
5420
3299
4242
1328
7757
1876
2509
8535
3819
6770
8100
4938
4641
5463
6822
7651
5888
1927
1168
8888
6786
7373
1366
9610
9072
9158
1092
32
8847
846
8363
425
2579
6233
5851
9289
535
2321
6303
9613
7670
8738
2121
1658
2113
7739
8737
681
7517
9486
6657
4640
1549
1195
2510
3450
1276
8109
6183
2030
67
9957
7101
8572
3691
4199
2154
4245
473
3734
9671
3137
3925
2231
2714
6845
2373
7331
5732
6040
8235
4695
242
5030
6922
9810
288
6293
6569
1702
1745
6956
1027
3868
2808
920
1000
1214
5538
4605
868
4077
632
9741
864
5278
5503
8046
8810
2629
2543
8012
1632
9826
4818
8904
5863
1868
7954
4925
6365
9656
1103
4149
471
2648
3543
8681
622
5073
6865
4768
4289
842
7770
7146
8896
7964
5595
779
6141
9501
65
3150
4670
3588
6832
4427
1714
6442
9977
5898
2009
1669
4898
2200
7963
3601
862
392
8032
9011
4576
7252
9526
4240
3722
7808
9203
8709
9290
7356
9125
821
2979
4547
1903
9733
52
5454
1797
9082
832
5336
8795
2836
3484
7548
7776
7727
8149
396
8970
5094
5728
3190
4580
3497
8541
5348
2145
9723
5824
2368
8635
728
2542
6635
9950
5910
9062
4733
8571
2207
5343
5205
193
1387
1326
7067
7431
313
4140
6186
1476
6021
201
6844
7861
8504
4608
7161
4729
2067
791
1003
275
1444
3973
2238
4994
1420
6305
8937
6487
3850
1683
4403
9793
1
5708
784
8652
9144
82
9
7812
1095
3495
7977
9178
8985
550
3302
181
186
1061
5243
6857
6989
6640
502
817
703
2811
7229
1395
3363
118
46
3515
7686
2581
4131
2938
8714
4108
3135
2410
9163
9148
6596
8164
4615
1384
1662
7753
649
5216
3039
7999
3143
3514
3898
5751
3798
3799
2899
6992
4965
7853
6044
7733
6953
8873
1409
1049
3109
1533
9550
537
652
572
57
5225
9904
3698
3288
3728
2937
5222
3950
5528
8412
568
3525
5451
3859
4166
7536
1080
2220
3597
8137
17
8144
8769
347
8025
9267
9337
531
2895
3794
3100
6214
1297
2313
1206
7385
9333
7765
6659
1808
8311
6391
8349
8956
9068
5224
9284
1266
5445
1917
8935
8626
3986
1048
8458
7100
6541
8957
6562
8421
9637
7472
8569
4693
7530
3325
5305
5606
8901
7535
3970
6503
1829
697
2050
5378
1815
6938
3307
2809
8347
990
3663
716
3558
6948
7113
4081
3766
8246
9965
2468
5187
3777
192
9809
3843
859
2109
4488
7554
9427
376
4362
2339
3888
63
4129
5318
9349
1535
9694
2484
7994
6897
6095
8694
9651
1375
814
1930
5078
6646
43
6238
7903
452
7166
2575
7564
3721
7930
4622
5771
8500
931
1115
3224
796
9512
5790
9473
3200
8894
375
662
2204
1031
9293
6795
4719
5481
443
5133
9765
6
7718
3357
2539
3963
4908
569
2966
8971
6213
1768
3479
9086
3678
6282
9571
4480
4463
5580
4492
2156
7794
6612
3292
9098
6826
951
1588
9195
613
603
3211
8309
4701
7857
4043
5975
8774
925
2224
2202
7750
678
5490
6560
979
9612
144
6812
6678
1923
9236
3840
5013
3317
2355
9960
5534
5357
2956
6146
785
5289
2903
9350
6137
284
310
3444
4967
5630
2711
1097
4687
5113
1582
6793
2944
7305
3044
5899
3368
3803
3904
2985
6879
6613
1417
9151
2835
1991
5467
2869
4462
409
1706
5894
8878
5233
8354
1514
6779
1959
2360
5539
900
7438
1880
1746
1988
6075
9009
7371
1540
4587
1126
7303
2031
1484
5049
4681
8230
3725
466
6576
7069
8632
5664
7915
4032
6774
8683
4008
160
3747
2428
226
8768
8113
5270
3026
571
2
2022
7984
9631
3604
8855
7584
6664
5961
754
6666
1116
1349
1383
9124
2214
3831
5770
1805
8660
4421
6651
4193
2549
4039
5101
4960
5199
2354
8615
2465
3355
4692
7611
4679
7497
6979
2831
4497
7773
8308
6374
9418
4483
3519
2203
939
5611
3875
3720
7846
1487
8581
9069
368
7590
8880
9515
4503
449
2488
4116
9638
5797
4517
3948
777
54
5577
9016
3160
4236
9564
9608
8967
8677
1845
4213
2270
2304
874
6627
2875
8048
1644
8265
9117
2691
1579
7149
6901
5819
1471
8182
2219
3091
1463
3439
5046
7988
7399
9914
148
2232
1181
4244
9887
6731
8667
1942
6544
1306
9948
8528
9853
4625
6349
3830
8219
9186
4361
7277
6931
6936
8321
9644
3665
3548
9164
7809
2841
4792
3541
3813
967
4806
6020
2285
8091
1837
5047
7976
2391
5
5525
9498
9315
885
7711
5569
5442
4227
4530
3383
7343
6424
2686
9083
8056
2136
3943
2924
4261
5648
4626
6256
8934
6751
6593
1039
2235
223
7696
6609
5042
3742
2878
5725
7006
2891
2652
5044
8207
1957
7580
7247
6531
6273
912
3303
6319
6244
3672
4543
6754
5169
5811
6172
3633
6592
6789
8479
5006
3295
4256
2863
6670
3702
5584
6202
4323
1111
3286
9557
6037
5531
1664
5086
5665
873
6453
199
6638
5190
7056
2306
3153
5436
3884
7154
8247
3083
9615
6946
1743
5051
8960
5632
8051
7260
1171
4079
5773
1060
5964
26
8392
4214
6549
6112
8064
6559
7911
3545
3415
1591
2170
9013
133
9287
2458
4054
6390
8996
1742
8969
2363
1316
7961
7153
3623
8450
6534
7534
5795
419
957
8998
2208
9246
7221
48
4232
9387
9145
2420
8447
1866
593
1445
1922
8874
3555
5642
7244
5671
3578
9380
752
5275
887
838
8
6426
8669
988
6685
6913
8146
836
414
4344
9329
1001
7227
6656
8045
6199
4902
3411
4955
745
314
696
7914
9632
6764
872
9003
9335
7266
4259
9430
1056
3896
5100
1074
5212
3462
9429
3474
9091
2445
9800
1722
7423
2300
1766
9397
6601
987
581
299
5862
982
9017
7986
5312
8021
4314
2915
8055
1650
9291
6140
4801
9313
9450
1347
2889
9795
914
335
2184
7504
8570
760
2587
2416
2723
4919
7681
5543
5083
13
338
4734
1673
5437
2976
4085
9589
22
1561
8832
4124
4963
197
3994
6179
6981
4459
6326
9481
1196
4268
578
8378
1470
5985
5554
1814
3535
8283
3195
8658
6382
4255
4356
4160
1084
6381
756
8334
7454
8367
3483
5588
8706
5885
2451
9141
8707
6113
2939
9736
7575
6962
7340
268
4037
7443
2110
6911
9395
4322
1888
8578
2160
9967
1505
5067
2398
2266
7663
7588
18
4838
1616
704
7495
4192
4110
7814
7378
2843
3424
447
8979
2718
9593
40
8802
2830
516
5421
8656
5717
1738
9104
5799
3435
6110
4992
6173
7394
9193
205
723
4522
4673
2999
4086
4420
3748
3270
9019
9368
6286
3285
670
6356
6311
1287
6281
2419
8594
6967
3828
315
4578
8889
4773
4532
5928
4029
9505
219
7628
4203
393
7081
2585
6402
7626
8254
7165
4833
2044
9248
6494
1525
1331
1819
367
4945
1499
9385
8923
4310
6373
6252
1134
3385
1128
9899
8916
8231
3393
153
331
6474
6463
1495
9492
6988
735
3775
8121
6036
3598
150
9981
9060
1177
9307
1570
4831
7855
1479
4107
1586
7748
1083
9934
5221
2032
6575
2813
4047
5184
7404
5091
3253
3463
2604
4306
8907
7949
7736
7445
7955
6723
9190
2036
4209
1318
6307
9110
6120
4636
1877
6054
7408
4279
1403
9362
1228
3945
1973
8643
5510
395
3485
811
247
8507
2223
5189
2988
2197
1240
9377
6359
2982
2423
5244
1904
1622
8591
1221
8199
3356
6008
235
281
7475
7946
8542
1298
971
2517
600
1509
1559
6810
5883
7020
8655
2930
349
6985
5054
2376
1486
8083
6839
2278
371
7577
256
7688
5320
5114
882
5815
3287
361
9299
9059
8110
9222
9058
2003
7212
5389
7617
4841
9038
1217
5245
7834
9850
2035
8975
3296
7177
8027
8833
3856
1222
8216
2584
1029
6285
5474
9563
6598
5971
1580
8771
7478
8140
3528
9873
983
8698
2586
8393
3445
8197
5020
1281
9414
4654
460
4152
7704
9403
5756
4350
2737
2675
4949
6909
6138
3537
7283
4407
9406
7192
1864
601
3216
4150
7571
9712
6628
7390
293
2059
718
7250
7586
3272
9769
6550
7920
4092
782
5624
3058
9088
8854
9535
9460
3131
7379
764
3804
6158
543
6123
5325
9298
1345
3632
6891
8531
9472
2653
3151
5527
1587
161
5746
259
3442
3886
6039
2659
2548
5681
7885
2501
6896
6116
6934
1046
7008
819
2438
5522
6890
1200
8251
8001
4138
7094
4788
7971
3987
4612
6581
2740
1309
1823
1769
3647
2736
5625
7552
2476
9331
4648
4665
5098
907
7744
9073
4661
45
7299
8759
5261
5267
4718
8294
9722
4819
547
9047
5483
4885
6103
2558
5241
875
7869
9747
8522
4986
3936
8448
4375
7928
7509
7463
8864
204
6264
8665
4393
518
7819
7991
4569
8078
9856
4651
9772
8922
4518
1688
5259
5174
6455
5438
7759
7652
2332
6759
4623
9599
9184
2617
387
8244
4920
1801
5406
6107
4987
119
380
4144
6115
1140
9955
6554
7451
6047
3164
4006
4958
128
7455
1844
948
6401
7609
9459
2814
2760
671
840
810
9896
477
8315
8442
2206
1156
5721
7559
2871
469
1899
9749
4490
2167
937
4074
8377
7449
1311
4100
5573
1590
932
7430
6216
6960
9681
9517
8456
4619
4913
8983
5850
2882
1882
68
6991
7833
9575
5744
2254
6265
1450
4399
7032
6321
100
5594
6610
4428
9786
4052
8958
5674
6867
8192
6240
5699
8478
7184
364
5121
9657
5160
1350
3047
104
9188
2180
9832
8395
6667
700
708
9474
2531
5977
5635
5455
9404
3354
7414
3737
853
4308
8215
2695
7697
7413
7218
6982
895
7403
1161
2185
2657
3795
1763
1063
7789
2330
1250
3172
3620
3845
8630
1457
647
2806
4433
9659
1848
4466
1017
4677
878
1274
7013
2474
7618
2302
7998
803
9221
8186
2462
53
9629
2725
8755
6729
7050
7780
3333
7708
4851
7844
4416
2323
6215
8872
7425
623
6841
4904
7655
3915
956
7669
2023
1773
5949
1067
3692
7377
3631
7321
418
5360
4647
6227
7159
9776
2797
3988
4326
0
9742
3719
8816
2293
8086
6626
8563
7923
5038
7694
74
834
9305
8440
4705
1059
7119
6898
7604
5807
8928
2698
4521
495
1900
1928
2799
7265
2442
7137
2683
9702
3031
6882
6236
7636
3472
3123
6030
3278
2370
1630
2120
1369
2593
241
7062
2846
4336
8026
4874
9558
5048
9514
8477
3046
8150
442
4804
9912
8169
3969
9238
787
7735
4509
270
1292
6263
9561
5167
7756
667
6848
6711
3398
5128
7276
4927
5070
4115
2350
4009
6499
4756
1125
194
7111
3829
2427
1657
1130
813
1447
3759
5246
1254
1109
2246
9938
9818
4915
8596
7027
8762
5849
8348
6284
6995
7410
1774
1875
6519
35
8303
4837
4396
7784
6727
6368
7107
2008
8508
843
7818
6703
4137
1041
8385
5628
523
8649
7841
6924
3388
2143
7544
5053
9848
30
8756
4671
5813
7642
7183
2481
1972
1085
9090
5362
7668
8641
5153
8020
5678
8042
2861
9347
6104
4618
8339
6696
8600
5470
2663
4284
2243
7249
1099
1064
274
7533
2013
3015
3129
4182
8851
5293
8722
2127
1460
7679
3219
266
7569
8610
5342
6831
6615
1681
7972
4652
9709
2676
2382
8259
7042
9585
9250
77
1853
4076
4175
3452
9021
8011
7941
3807
6125
1983
6306
1568
2730
9897
3085
6219
5324
8885
4394
1055
3941
3377
7728
4178
8616
8930
1040
5087
8427
4374
7514
381
2745
4803
5749
9211
2147
7612
9880
1820
8621
2117
1334
5901
6448
496
467
8160
51
4058
6719
1257
7352
1554
4324
5987
5425
7956
4556
587
4932
4073
6201
5515
8087
2397
908
6249
1440
4207
251
7456
2142
2569
1684
1883
5145
8178
3812
6259
5715
1989
7293
6926
8454
3560
3842
8465
9503
9828
1652
9497
2962
5923
2014
9849
1726
237
9983
3726
8685
4812
2111
4807
4157
188
2263
2887
1183
9416
2311
4277
6973
4588
1275
7840
5803
8582
8859
2641
509
5853
6642
7341
2605
2377
4728
8453
8320
1520
2904
6943
4758
3833
262
6109
2236
7507
1051
6528
4646
8725
3324
1932
4586
4376
3376
4862
5966
9079
3266
4453
6403
1796
1210
8204
1515
8752
7601
4699
3432
2594
8951
7336
4899
8066
3147
6781
2654
5600
7005
1676
1013
6860
2720
8530
2523
8664
641
7461
5183
1147
5309
2085
5582
8057
4553
2395
3538
1818
7151
2810
7816
9274
8538
1901
4414
6019
7985
5920
8663
6451
8323
4658
2852
5263
7683
4233
9756
1557
3705
7806
7238
974
9704
2534
6287
2750
5430
944
5706
6361
2325
6099
7479
8783
7775
4926
9577
5929
5448
3467
3057
4628
139
3567
1860
3255
9757
8939
5783
8059
5506
9363
4181
2060
2414
3
4184
6088
963
8521
713
6620
2051
3487
2378
5542
9420
5096
7709
712
1574
6322
3060
9389
401
2216
3817
5779
534
8443
3167
4541
2331
4599
6807
1432
3989
434
2353
8749
1809
3570
8823
5965
7104
1651
6636
3406
7707
2421
4346
4249
3396
5536
5714
2168
9133
9208
5743
1025
8481
2284
6682
9393
8568
86
9833
584
5990
1216
4797
9081
1429
4702
1106
344
198
4347
1934
7639
5943
8470
7599
4664
5065
3249
6170
1724
6715
4426
1262
9630
456
3769
3067
7301
6504
3226
5909
7927
2667
2669
9755
4072
2295
5889
6887
4479
9763
8460
6226
2913
9992
6791
7579
9209
4745
3524
2053
2272
5567
5464
7034
3280
2021
6768
2564
6272
1534
3900
6069
1741
3319
8989
9814
3327
6167
8111
1840
1898
3853
306
4544
208
8035
4123
6432
5191
3242
5122
8260
4023
9911
7888
748
7160
8887
6683
8357
8841
3823
2607
6405
2073
5181
1399
112
8858
1861
4391
4704
2983
9286
9279
4290
5391
4506
6972
7875
8391
4999
5158
2838
4724
6757
6188
3049
402
2923
7253
1065
7873
1087
7822
8145
3184
8364
9803
7737
3655
3700
9586
2576
2357
7014
4167
7392
9771
6323
6572
7605
5032
3962
6700
1891
3783
3589
7902
5076
8127
9435
7525
2625
5668
7026
4132
1601
3961
5834
2498
2837
4631
8536
3070
6397
2088
1472
5934
283
6437
5786
8583
3460
7574
6430
3098
8281
5258
8132
8103
8913
7802
7380
6438
3652
9942
2934
98
378
978
1503
493
4577
107
8142
4821
346
411
2651
2812
5530
2520
9099
1842
4309
7742
4923
9940
9390
8524
9244
3084
5521
5633
5984
5532
33
3536
9968
34
2245
7368
5346
6456
39
9304
7304
355
9258
8686
8318
7741
2708
3344
1879
7134
9668
176
2922
5979
6753
3697
2583
5566
913
7488
2671
410
2529
5735
3685
8932
4708
1544
664
8977
2140
9614
1086
7968
3392
7882
824
6548
3323
6126
4918
5508
4053
6316
3864
2893
5177
8697
9237
2609
8782
4357
7022
2603
7416
1184
2624
4597
767
6168
2341
7297
6522
1322
6196
1053
9052
2193
55
2845
9825
5283
2613
2173
420
9174
1021
527
9388
4910
4307
6600
5697
6586
8699
3505
6512
2679
3854
2608
5758
7990
8370
1924
6094
2792
5232
9063
2919
6097
906
4829
615
5672
3801
6645
1424
8879
4475
3431
5179
981
4817
6688
3934
6507
8407
6153
1598
269
9439
1032
1391
863
1573
5602
2365
2091
2265
4565
8240
8671
2555
5273
9519
3239
4418
5837
1592
3099
5742
27
5052
4995
8120
5208
5379
7122
5766
5997
8631
2213
8852
3619
1935
3339
2640
3995
9617
6480
2957
8015
892
2019
7997
4847
2687
9574
3259
9654
7937
3744
1772
1252
8355
9423
644
5740
7947
2342
4881
9540
8779
9689
8748
8754
5710
5235
1255
6736
7023
2345
5383
8187
823
7662
1410
7619
6302
3914
2522
2601
7129
749
7813
8588
6957
8614
8463
7706
8702
7323
7537
7360
1249
7338
3260
2772
1696
9228
8118
5001
9371
8609
5713
2631
3188
351
4849
4127
4769
2437
7615
8595
2565
4402
3960
6189
602
4260
4295
7989
1909
1970
8065
2803
2315
9039
656
559
6358
9159
6462
3369
5930
6048
3952
6348
3955
1753
3416
8549
5363
5757
9502
1800
2950
6618
3068
9625
902
8675
1569
2817
5690
3064
5759
7334
1307
2680
3844
5154
786
2205
7607
7374
2494
3353
6828
1146
7230
5089
1810
9399
5636
5571
7194
4304
3294
9839
7600
90
7886
7095
8361
854
7563
9601
6032
8627
6788
5780
9891
642
3420
3512
6395
5589
1694
2230
2425
4355
8895
3488
5039
1783
9177
6385
927
8217
7900
9847
6508
5294
9759
973
6268
8734
7029
189
1690
7375
6254
462
3516
4331
737
2038
8257
9716
8464
709
8336
5443
6169
5471
2001
504
5066
7448
9902
4767
5240
5368
2333
2702
762
4528
8138
3940
2620
7
3574
7783
6449
1787
3908
4542
6920
4062
3407
7862
8723
8038
8646
1303
5886
9294
5833
3736
2135
6080
3785
5561
7926
8165
4404
9975
4303
6234
3072
1490
3359
6679
3459
2537
8589
8993
5857
9690
7788
7716
6106
8017
5231
7953
9783
9259
9252
9417
3284
2260
3780
9049
6055
4917
9255
1352
2499
9127
8824
585
742
6771
7614
249
1433
5691
4684
1982
4472
7498
5144
239
7467
8008
2062
7024
7031
2404
4637
8710
416
1531
5330
2778
5329
167
9396
7099
6800
302
9034
1511
1411
7195
9434
8081
4068
7671
2043
2104
2296
3229
2450
4321
8381
8069
5812
6384
4848
8946
1233
5810
3568
2025
1583
5493
9126
1089
7147
5268
1071
6914
4802
7476
8300
2886
4161
9711
7355
7263
1952
1948
9748
6184
8914
4060
8342
8189
3340
8074
3916
6027
2752
6399
7245
7196
1813
5059
1566
5935
8865
3935
9979
9227
5290
1784
2389
7782
9714
8242
2011
5785
4525
9426
994
8999
5079
4067
7231
4329
3187
2388
1516
891
8819
3654
6207
6224
4941
4634
9302
6681
7418
9784
1839
4400
6594
1231
415
8938
1145
1268
8299
8434
187
5969
2503
8248
5358
3274
4028
4865
1019
7180
9921
8533
6644
1158
2993
2656
6446
3660
132
8338
7088
4871
5654
350
4735
2710
1454
272
1455
5203
9040
2133
9513
4501
8449
1667
4971
9022
3215
6157
4830
4390
6425
4018
4789
6904
1137
2715
809
1585
8472
3590
4094
9453
9308
3429
5326
9952
2137
5881
3614
1012
2712
612
3206
7055
7752
383
1371
5802
9461
9927
4447
7820
8906
3615
9857
4135
71
3166
8836
7939
8912
5460
8796
5578
3403
2215
1373
5492
5475
558
120
3089
6483
4007
9242
4743
6551
905
5545
1980
4467
4878
3122
3921
3650
9204
2864
6262
7664
6558
4120
9445
6961
7405
8700
1169
9666
7576
5262
9539
1058
9010
3918
676
6653
4313
521
7810
3608
1719
6984
1999
869
5370
685
1790
9545
4875
5983
1491
3426
3134
2470
6060
9456
2994
8729
2757
8457
6680
7120
8386
3311
4683
3097
3599
1732
7891
5574
8483
4388
1310
4989
3127
7912
7237
1229
8811
1165
9354
2662
8825
5644
9055
1871
1178
9997
3312
6969
4170
8548
8077
253
8028
9677
7162
897
5303
7286
9782
2358
7674
5185
883
6903
333
5605
926
8229
6756
3329
3549
4210
3920
6858
3081
2513
324
2847
2925
7847
1750
2724
7996
2986
9504
506
3040
1578
3193
5494
8867
217
2282
1731
1798
156
4238
2507
4762
1441
2217
1541
8002
280
8179
2960
4061
3140
5692
4798
1556
9239
1174
2646
9054
3547
440
4237
4635
3247
6029
6876
1343
8968
7132
1723
2303
2138
6602
4431
2211
4750
8839
3731
8310
3024
1635
3051
9105
4271
7246
6187
1392
9869
608
8476
2017
9777
1720
9446
8080
2800
8806
5204
2002
4269
1162
9268
9355
3248
1363
6493
9931
3461
108
7938
8705
2766
7078
3814
8818
9871
8987
2505
2848
7918
1838
898
847
5137
1299
2571
2972
3858
1661
2047
3879
1679
260
6895
5353
2563
5159
7482
93
586
8037
6861
6057
5660
1023
3930
5927
6814
7018
9282
8877
6529
3764
6797
9933
5993
6208
4051
9780
3012
2359
6986
2880
4035
3682
6929
9646
1754
5380
9620
2553
5723
2431
433
6619
1691
8736
4222
7061
5041
8929
7386
5444
1142
7358
8574
1164
8286
2722
8860
2670
9701
2492
3954
3218
4283
5918
2249
8152
4970
7428
1841
8010
1626
248
7524
4360
3382
3942
8153
9433
4151
9023
938
4014
3504
9815
7215
5679
7010
4384
4947
788
4560
8313
7164
2860
5855
2591
1936
8116
9729
4348
5775
7291
164
6178
9667
8617
2199
6472
7292
5769
2101
8884
3409
9692
2926
158
7865
7320
4380
741
7496
9280
9628
940
4779
4765
2661
8995
3838
2789
1703
6154
7188
6419
243
6081
7866
6181
7117
6423
9438
5064
6509
9076
1542
8856
669
7041
634
2283
9480
4697
5917
474
3210
7163
6301
9583
6742
9954
1611
828
2975
6071
1256
6872
5195
7106
5410
4410
5465
1961
9840
1396
6072
1068
2540
8708
8004
9361
6726
8941
1660
588
953
5548
4370
8629
4562
9652
6716
6927
9788
7779
4372
3114
5213
4905
6478
3643
5386
9903
1096
5339
688
2016
2697
9325
5264
2771
9257
4824
528
9976
2639
3265
6475
3196
6035
2399
5409
6101
9179
4299
7442
6053
1756
5311
1100
5127
1892
6975
7315
6481
1332
1337
8102
8293
5846
5260
6467
5557
479
2087
3055
1213
8602
9523
7749
6815
2369
6790
8185
3400
6376
7241
829
4827
5512
6343
4206
5856
1330
2870
3530
1435
4441
2767
1356
6231
9971
3350
8236
370
9562
6547
8680
8988
4603
2705
917
8101
8210
1565
3709
2876
9698
8343
6803
1929
4278
9431
6632
6520
8835
6884
4231
4285
1321
5405
9196
8387
2403
7951
5649
9465
4751
6005
2446
6092
1941
4300
1551
8490
3696
1259
5839
2058
4889
6380
4226
3045
227
3443
7643
4933
8973
5840
1615
7353
3861
6400
287
7053
3750
6776
5209
8498
4141
7743
2770
5627
3468
1555
5131
9087
3822
2921
8580
5511
6062
4156
2251
575
6171
3641
9436
794
8540
1173
4114
2007
1188
8295
8031
140
5306
3996
8133
2472
5352
8497
9066
5800
8177
4239
1985
2286
820
3972
4519
5123
8556
5718
348
2432
2643
4892
1666
9683
7000
5314
2280
6713
202
6708
3867
1478
6139
801
8096
8413
3712
1996
2557
580
5433
7948
3451
8016
3144
3982
3874
4737
7896
6127
7139
7698
1212
5932
2917
4003
2931
4972
9097
91
3582
1443
4823
3234
6148
8433
1698
8285
6672
9475
5218
3336
512
2440
544
7724
4566
9579
9732
2248
5890
8945
6277
4174
6722
7470
9691
8202
1374
1791
7426
5583
1492
628
1123
6916
6821
5585
478
7570
9321
276
889
9160
9249
4096
8861
2681
529
2086
1324
5858
7351
4354
8371
4511
6702
3032
9527
515
6631
9744
7515
9376
6258
1546
7538
303
9197
124
5075
222
8256
7540
3390
1073
818
9653
3657
9988
2390
2274
8444
1419
321
5877
8227
2371
4004
7278
3455
8033
793
4771
9953
7786
7086
9860
5752
152
7650
583
1205
5168
3366
8428
1033
1641
4813
4327
1077
2644
3520
8662
1620
4761
1121
7510
3674
804
290
4169
9491
1699
7424
2980
9044
9256
246
9136
229
5794
311
2375
5694
991
4165
3456
4777
5598
9822
9627
8307
9116
6389
2822
1965
9870
3231
4956
4437
2884
3872
5134
1014
9026
9530
8537
6741
2467
9077
8261
7185
2521
7740
2706
3563
3441
1804
8414
8125
1246
4036
7726
8213
3300
3763
2083
5695
9778
7446
2441
8726
5439
5818
7181
9834
3559
6584
4040
4172
9727
860
2665
5250
3949
6398
7108
1718
6843
218
2267
8784
530
296
1828
1117
2048
549
1990
3871
6852
5166
2906
5687
8747
4721
9893
9260
6026
5659
3630
2570
5974
7958
2867
6222
679
122
7721
4533
5501
3971
7621
4688
5541
674
1846
3521
5897
3928
5570
4287
8592
9107
2471
2560
9901
6211
5427
5848
890
3501
9758
382
9500
1253
3358
7342
2573
830
9768
398
6835
1412
577
8902
9883
1631
7116
6958
6608
6360
8910
9978
6312
5192
16
6701
3762
3306
3102
2821
3637
3199
1007
3724
5472
7557
7288
8030
2637
5018
5084
386
8678
727
7015
1967
3056
1607
8226
5385
3074
6269
8176
4643
5163
7960
5482
4080
6743
3096
4055
4602
7745
4481
3176
6077
6440
6604
6255
8659
761
8559
4883
6441
5110
5373
2790
2916
3662
2666
121
3448
1739
4993
1093
2805
6637
391
9916
808
6394
795
2897
325
928
977
2405
734
6142
9168
4979
2126
7543
9202
6299
5596
7979
9864
96
9212
2614
4876
1360
2191
3042
1597
155
9945
1078
6561
8992
4211
6555
6096
4731
1381
3348
6869
2839
4334
2512
8908
6163
5095
6164
3992
6017
143
2929
3710
2161
7019
4448
407
7490
1112
8119
1380
9000
451
7209
3727
1079
9330
8863
9846
2383
3778
8399
2411
5450
3419
3035
4319
366
9323
5382
8068
9900
4591
3979
125
1617
837
8599
3686
5207
5620
9611
5652
8394
5711
4328
9867
8105
9855
8070
4368
1006
212
8441
6073
2562
3020
7625
7549
4581
2307
6963
866
9457
7666
7480
949
7659
4790
520
2955
570
3447
9411
1208
9156
1692
4382
7831
8234
2374
3912
1378
8482
5351
4218
2027
5056
9223
7049
5825
768
2541
918
5731
5486
7827
7678
2063
2415
8510
5913
5776
6590
9032
4975
8544
6622
1825
4649
9365
5912
5924
5774
3090
1481
2114
4957
9591
4996
1314
5887
5015
686
9837
5895
9956
6899
1919
3440
3581
3585
6313
4616
7830
8466
2873
6617
4815
6805
1415
950
3313
3836
975
3006
3947
1824
6668
4596
1404
2650
605
134
5124
2444
2098
7804
3649
8335
8446
2699
5817
2475
6942
3241
607
1500
6332
5549
4574
1189
8952
9489
3212
1906
6067
1081
4896
1701
3493
1010
5469
7214
6370
5505
7974
1969
855
7823
3887
3003
3984
3330
2139
405
2074
1062
2868
1955
3723
9885
3119
3551
9002
789
1038
2221
1939
1377
9970
8954
6830
9425
964
3592
7829
5140
1105
4198
797
492
3974
2055
8445
8082
2974
1920
7772
5266
9746
1519
6655
2949
5535
5424
1979
2316
359
3207
7734
3640
3993
56
2336
8092
7040
9217
4504
827
3693
1674
4250
3774
9339
7922
594
8044
7499
5637
3618
9761
945
4694
8871
7792
343
1290
1313
7573
8976
1015
8763
6517
7339
637
6980
1325
6450
773
2356
2179
3186
5875
3944
8052
3510
6521
7003
8280
6253
7309
3832
3222
6808
7904
5299
8494
4125
1302
3053
2785
7325
4254
389
170
8546
8730
6792
7415
5626
1076
8875
8496
4183
5581
668
4825
5497
1157
1736
6220
3998
2486
3282
7121
7170
4753
776
7440
7447
621
8827
7011
2469
8982
8604
591
4188
7259
4017
5867
2234
5239
9409
8638
640
6190
6341
1623
2981
2898
5170
4147
4873
1193
169
6574
3569
7054
4555
8899
5804
5012
6150
9999
4272
5108
4430
3154
4742
4230
373
8274
5568
8098
4330
130
9271
2268
9935
1921
3065
5891
7236
6621
7070
9985
8487
5338
2762
9602
458
7881
7550
7887
5458
4682
1759
8419
5404
8689
6658
5936
5916
7722
8418
576
1937
8786
1294
8933
5419
5381
6677
4936
5034
5778
1091
2239
4911
8690
4438
8333
8154
5341
60
5745
876
9167
5367
5060
2171
4842
1069
5684
5156
8029
5517
37
445
2970
345
4063
8767
1914
6362
1649
9106
1878
5703
2174
798
8804
9673
7908
7868
5082
3027
4224
1786
2046
9923
1282
7387
2057
8209
2146
9509
8781
8657
1220
2305
6968
7142
3014
4707
89
8636
9640
5413
633
590
7421
2209
8703
1201
2990
7703
4929
7731
9556
4725
2973
9135
428
5705
2773
1190
9295
465
4349
5647
4246
8365
4738
4567
4820
9369
3279
9042
9488
1075
2707
3428
1910
6345
3470
4974
2149
9647
4531
9266
6974
4689
9468
5982
5939
7764
1553
7491
2162
2105
732
61
3077
9477
1131
3743
9130
5689
954
4548
2787
3789
5870
9351
4752
64
5558
3252
9705
2054
244
7223
1501
6868
5830
8743
5753
9669
4527
146
6457
8128
2178
6229
3927
2556
1528
5029
1654
9987
4305
3337
8163
5729
3425
3565
1323
6647
6660
2829
6595
4352
5854
3991
8619
1359
7760
7981
7205
2408
267
3346
865
2163
6212
4978
8624
9930
1191
1788
4514
5835
3595
9536
3318
1856
9108
450
6417
6977
7324
1854
619
4895
7799
6166
295
5282
9939
1436
3173
9838
5393
9555
8801
7125
9675
7434
5676
7931
8326
6840
497
8892
7270
9621
2550
6144
1244
3792
8750
6434
6923
147
3106
4389
23
6242
1672
4033
209
1090
5449
4808
7382
4600
8099
2287
3909
5162
6993
807
2144
3496
1227
115
3552
9253
9944
6720
1707
2372
5640
3899
2668
6436
5396
1138
8410
582
968
3738
6221
7675
8745
960
2094
5002
888
851
4968
5009
3923
7167
783
3542
8789
8777
3677
196
3341
6310
1149
3489
2099
8515
9334
3422
3610
9494
3876
8382
4781
9137
3752
5229
9143
7272
3932
1304
3414
6200
8501
1405
3976
1170
2453
8495
4118
3773
1770
6834
5643
589
3877
3499
9004
850
1945
4884
9584
6784
5217
8268
9703
1717
1595
3257
8050
6571
3902
5832
6783
1943
8753
9566
165
7811
8672
3476
6944
9025
3689
8290
7568
7565
9693
7593
7959
1477
714
3305
4358
9012
1760
7850
6959
6772
7096
1187
8131
4465
2735
8915
7551
1931
8791
403
1663
4870
7012
9878
2380
8647
1357
1695
8156
6525
7848
597
2128
277
3862
5061
4387
8513
5308
1852
848
7388
1036
4552
3076
5151
2292
145
4191
5477
2258
4535
2317
6325
6552
5968
7851
7616
377
2959
2194
6058
5991
4939
7217
5112
7152
305
5864
1822
3648
2460
1245
2877
9348
6966
9572
7112
8637
5911
2964
8560
2176
2716
9892
6133
4698
3805
6676
5523
7591
7596
6100
5701
5838
5459
3892
3437
4458
6804
2649
5106
1198
5120
9708
8406
5155
1992
6338
8200
163
2696
1353
4204
8007
8263
5629
4866
4134
6479
565
4879
4832
8252
1483
9773
3866
8390
5350
8898
9342
765
2338
4749
9737
9643
5422
3298
4351
1159
1575
5880
4536
5622
5754
844
9123
705
4159
1224
3852
3254
1226
4424
9373
6486
4747
841
886
5021
3264
6270
3107
1734
8950
7942
8519
2544
7313
1118
4703
2733
2394
8306
2511
7208
3380
3788
5698
6257
1389
8974
4561
6367
1538
871
6429
6290
2901
1998
870
8401
1047
1522
3561
7396
3591
3262
4158
8480
8155
986
3609
9706
8262
3870
4274
3625
5955
6388
1643
3095
4582
4589
4243
4508
7200
5556
6799
9220
4280
1135
1562
1513
7158
9799
7473
556
9859
2801
2616
5447
6427
2840
2195
6987
4593
7211
1543
339
1421
1670
3815
8291
9372
6261
5142
5615
1082
58
8936
4667
8232
8130
5347
3653
4413
3527
8461
3553
6093
3680
8673
7314
2518
2119
1960
3977
9471
9216
8799
3361
4916
5496
4219
1239
8807
4112
3808
6816
6749
4042
1241
6124
3767
9319
5307
5874
5411
7635
7894
5551
9596
2308
7233
2952
1498
9991
8959
4529
9357
3236
7441
3335
2130
5211
5896
3481
7561
9745
7203
8019
7243
5102
4252
490
5271
1646
554
540
9947
4401
1812
5476
5796
8439
3846
904
1685
2290
4228
1465
5645
7522
9051
8981
5182
826
881
7500
5980
106
4901
1376
4253
5576
6842
2731
5408
4454
5925
5933
7603
9595
8552
4952
4104
7854
9569
4163
6371
9229
5666
5852
3165
6056
7978
8162
5738
385
6705
2407
2793
599
4755
7826
5081
6870
2435
1748
1204
8850
4417
1857
4386
6003
7021
8366
698
9697
2855
2218
7897
9588
6998
609
7201
5537
4097
1203
3297
3603
2242
6591
6304
9310
9910
8876
3394
802
1361
5685
168
3869
9665
9670
1710
8881
9194
3758
2784
4197
5544
9462
3183
8838
8049
7867
663
384
526
9626
9807
1628
3208
6357
7437
8746
159
9383
7474
8628
9303
8622
6787
6488
1558
6433
2942
7511
5940
9682
9616
448
4720
4013
4196
6579
2894
9605
1527
9796
28
3228
4194
7602
9394
2034
3617
5440
2281
8940
9487
6952
4811
5423
9057
5115
236
6108
6412
3907
9548
3714
8047
7800
9560
4345
2252
6342
113
9866
9410
2443
7038
751
2473
9085
915
3811
1035
8405
6918
3919
6445
2005
9172
5682
3141
7644
4298
3128
8147
2187
5696
6717
7598
1182
2122
2991
2496
8809
9650
365
1757
4627
6734
6443
8181
4644
6761
5107
4924
8196
4863
8567
2828
5524
1305
9391
4464
9606
7839
3576
5921
6747
4078
3486
7127
6230
5973
5922
4419
2526
5479
480
1895
5829
7190
922
1576
8014
4102
3310
8733
6042
899
1539
1633
7047
9720
6773
7581
9084
2940
5619
5736
8566
2826
7967
4103
3404
6206
4854
2748
8721
1312
6505
1749
5607
3000
3958
5844
3635
5457
8788
3644
1057
1767
6298
2728
1270
1655
7769
4187
2726
4614
4717
3639
6248
6435
6515
4937
6939
4
3951
959
5257
6588
8751
7143
3571
6279
6930
5958
7929
1915
441
9422
9078
2226
5791
4900
5178
2655
2936
1179
8718
171
1225
2454
3661
9233
7484
8797
8972
8237
2123
4070
5050
2978
4038
1737
6288
390
7362
816
4882
6330
2647
1986
7572
5186
5473
4301
6846
95
3596
1113
7064
4049
3809
9245
6533
7843
7240
7156
8966
7637
4966
258
9531
3017
5491
7109
7271
8173
5011
5822
5972
9360
3028
6829
1849
7287
7966
2264
1042
3741
3161
3105
3621
680
4265
1704
485
4434
5171
468
6102
4057
522
9779
3873
4098
286
494
8036
9033
5071
6327
6990
3103
1265
5109
8373
4985
4624
1052
6885
3546
9951
5989
230
5402
9327
731
3732
635
7940
3069
6354
5172
8233
8435
7859
5489
70
3174
3124
6866
3464
2818
320
9199
207
12
6506
8159
901
3232
1896
1885
2948
4005
4217
7082
2064
9476
9528
7725
2324
7795
835
2823
7578
3507
3080
7494
422
9868
2092
3111
3966
4101
2776
9210
9524
5327
5407
5194
9684
4091
780
5677
9642
9986
976
6193
8719
9506
9263
6152
5847
9554
3093
8438
2364
503
6393
657
5801
6490
4143
903
2984
69
1593
6940
406
8455
5575
3034
2233
7210
2422
7239
7701
2000
4377
8171
6245
4909
8404
1807
4638
8429
2148
3125
9171
3502
62
2029
2967
4316
6337
1974
7898
1474
3217
166
7466
4089
4282
8848
9685
3343
7624
6034
8551
6155
282
6339
4270
7774
8870
815
7970
3704
3999
127
6292
5781
1284
4722
8944
1367
8369
9529
2749
8897
3964
5748
3676
8558
228
3130
232
1938
2426
6497
2097
8529
4275
6950
6145
6276
1394
2598
5704
3634
916
2554
5284
8124
3878
6983
6587
8314
5003
5077
9344
8869
6086
5377
3532
3182
6750
6121
4292
8266
5398
1795
1771
8075
2461
7228
6087
5323
1438
8040
5533
2396
353
7357
3073
2769
1368
1340
7308
9343
126
1918
5288
7715
6275
5206
1230
2682
2850
1020
5999
7178
5670
659
6937
8180
9440
1482
7634
429
354
4247
9718
9508
3557
6117
7268
6267
2406
4950
7452
5516
2508
7508
7372
7168
5298
9322
4075
701
7493
692
213
6191
8512
4691
1008
5150
8005
6567
4406
5761
8739
1725
7035
5562
5252
4000
1792
4632
6351
7852
4690
397
8054
4931
5301
1247
4571
3526
2951
2115
8691
3981
2164
3824
921
3903
7037
5063
5238
1645
7845
4551
4493
482
7566
4342
9544
369
9384
3881
8532
6578
9029
9336
2859
3290
1413
6760
7176
5210
5173
8518
1872
4836
6372
5970
1414
4155
5937
9352
8573
6043
9817
5653
1043
1729
2734
8089
4759
2851
1612
3562
4573
8214
1449
9296
4657
6947
3370
9155
8579
557
2082
1108
4128
5356
103
4844
9207
1489
5417
9679
4444
2076
2547
8006
1639
1279
6084
6198
2782
675
2381
4034
6941
998
9918
2756
3342
3810
6041
3043
7135
9587
8094
8948
7222
6524
5068
5345
97
7589
3749
3985
9922
3225
4369
730
4126
9432
7262
9485
3477
1386
8947
4423
190
1393
2693
5334
4594
880
6518
9804
6468
7506
6061
2478
3138
7148
595
7638
1427
7264
1018
2393
6704
7144
1524
9113
8104
5223
5656
1425
9969
3389
330
3556
645
4201
5631
2084
1467
2568
7481
4439
6616
5865
9064
6174
743
5017
8097
6074
7435
4456
4142
6536
2538
8893
7889
3304
9829
1621
2588
720
4512
800
4425
929
5371
8676
1777
8511
6421
4122
216
5784
2672
3629
9649
4921
8728
551
8900
173
7204
2632
9522
4258
7123
7191
2623
4339
4893
3577
9478
4385
8166
5547
9109
9147
831
2932
9493
2690
5772
5010
2804
334
861
5504
9170
9356
6864
799
6886
4774
8218
9820
9787
1975
233
357
2996
4312
6965
9020
1422
8790
4105
655
5230
7907
4021
2902
682
7103
8514
4202
6278
4590
9225
3332
6111
5434
2201
1789
2449
6379
1634
825
6416
9754
4583
5484
8491
4338
1547
1671
8648
8674
318
8561
5286
9845
598
5741
2352
6537
3379
721
7729
316
7025
4341
8269
2327
4383
3834
6566
3052
9821
4235
8190
9278
4520
8422
5957
4496
9001
2751
993
4229
909
519
5954
923
5716
4195
3494
1610
5461
7746
4276
9724
4835
362
3882
2729
7656
7622
9841
9273
7803
7256
3410
9905
5027
1944
3776
5416
3110
3005
5256
3418
5836
9328
9812
4025
7690
3523
5331
1336
154
9346
2229
4633
9378
8058
7632
9312
2253
9283
2190
2935
8829
1708
3269
9340
2642
1677
3238
8590
8168
9963
693
195
1782
9131
9543
8239
5452
4200
7583
726
2314
7790
513
5092
646
337
638
5828
8474
5820
3584
7691
3384
5693
5700
9490
2758
47
1761
9700
3347
1016
4973
9890
9917
6893
3897
7401
8351
955
5255
6597
5164
2482
6476
9699
2066
183
3531
498
1235
2995
11
7328
6320
3213
2413
9919
1180
3048
8114
4976
1599
36
2692
238
9452
2721
636
221
3139
4001
1237
9680
399
2719
322
9309
9201
2704
5062
7693
3156
3168
3572
8608
8808
6105
5418
9721
2310
4491
699
6031
4559
8344
9678
2348
4584
538
7758
501
4443
8245
2589
2409
9288
2717
8520
5872
6336
5499
4045
2256
9094
6910
3126
5587
7658
2606
1348
4545
9734
3413
2312
7556
9028
6755
5214
1243
9035
7316
8527
5028
9924
2765
2412
1407
4744
5132
3717
5397
5384
7528
8350
2150
9781
6778
7849
1832
3469
6999
4176
6614
3990
427
5057
2166
6523
7083
3711
3860
1379
1687
5553
8955
6007
8337
6346
6817
5281
6006
5388
9205
1129
689
2033
5638
7179
4257
5845
6235
6205
8141
999
7684
7310
4093
4024
2244
1251
9276
1548
4629
3227
6375
9326
6932
66
8195
9101
9886
1406
5686
9676
417
2095
6605
4264
2464
141
8415
2344
4783
137
7471
3246
984
3395
539
8411
9802
2816
8844
8324
3276
1286
7503
8918
5873
6162
629
4680
562
8909
6022
7623
9623
3690
620
792
2289
1044
6583
564
6639
5555
6136
4087
4617
84
7542
6737
2061
4450
7950
7969
2155
3328
4366
6818
2182
2627
6732
9549
88
1301
9235
7610
2842
4442
3658
9858
4373
9048
9789
1512
8644
9138
2764
5104
6502
7280
9275
9816
2090
893
4482
4505
8184
1847
2452
8817
7281
5088
3078
7079
1843
6296
2727
3669
2108
8437
2954
8778
7992
426
3321
8013
1563
1365
2965
3760
6928
7558
6694
4332
3797
9542
3816
4452
4397
2578
6570
2439
4205
2635
1148
9157
6889
9764
2124
729
6949
4579
930
7028
7895
3679
4343
6833
2116
9075
7457
9415
7975
8516
6083
1223
9984
7458
9139
4568
6218
8151
1153
7901
6955
3320
41
8484
643
9102
3473
9806
2169
7045
6691
3375
8770
2177
3586
5135
2495
5117
630
6854
6143
7369
4487
9688
1319
9980
2807
9996
6902
4981
4780
1689
5953
3500
524
7327
6758
5403
7093
725
6582
8905
174
7720
8650
2466
8773
3503
1209
6500
1946
1834
2596
3275
8129
8271
5981
2012
6806
1160
4171
5951
8724
3002
5426
5733
5428
2533
6118
3430
3540
536
8780
5755
6114
6396
9364
1155
9036
7699
9928
6698
1317
4897
610
1296
6563
3671
3905
3391
648
2132
7169
8452
8687
7821
614
9547
9958
329
9405
6577
50
457
1175
6289
7258
3235
9823
7359
5335
6624
6297
3268
5359
9619
1817
2742
500
7513
7486
5893
5196
2910
8890
9316
4809
5226
3214
8062
1907
4714
3826
5024
5200
1564
1238
1600
1186
252
7322
5976
5031
6317
1507
7767
1385
5992
6851
2489
7787
3706
3513
317
7754
5919
3825
2309
9115
5340
910
6748
7730
3683
666
1799
1094
8298
1727
4223
5597
9831
6634
6603
162
2819
7766
7130
2865
6782
7633
616
4516
2774
3421
8322
7547
4011
9198
8312
9594
1775
1390
6023
9134
5045
707
1364
7933
5337
7302
3837
4860
4130
6049
4109
9374
3855
1459
7068
3289
3198
1571
4585
9884
4760
7657
1510
9510
435
4944
4713
5023
6951
525
4853
3171
4607
9366
3645
6132
6010
9056
9455
6246
6585
1151
7063
933
9567
3924
138
606
7254
1765
7251
2636
483
5237
363
9660
7311
5777
7630
8224
1851
1560
1785
1283
755
7257
6539
7505
8148
7646
7348
9844
7519
7762
9092
8238
9760
8072
3800
8668
8927
1835
7925
2599
7439
8505
5349
5315
4776
6752
1682
1372
5022
3791
4700
5809
6274
3066
9375
8654
1260
1045
3401
778
6130
9451
3668
2322
5617
5227
8670
8601
9300
8883
8990
9449
7771
486
5228
6686
9552
3772
7138
5453
8270
6160
1584
8758
4962
4935
1166
1382
6836
3746
7924
5355
7983
6907
7768
7747
4173
8506
9215
1894
3203
8593
3806
6414
6350
8785
7595
3233
9050
9674
1665
2619
7329
4796
4686
8587
3412
3417
8741
3240
8374
8775
7213
5623
7198
1133
7255
136
7269
5007
4485
3158
7285
6546
9496
8866
129
6766
9185
3490
4639
1423
9014
8071
1400
8612
2288
8220
6693
6251
4739
4221
3209
936
5136
4706
3243
3423
2862
5500
3779
5149
4946
8523
4471
7899
3205
6630
8577
5871
3251
8359
7539
806
2273
5739
9636
9128
5269
5129
8417
7464
6894
6308
3458
6363
9794
8360
5996
5956
1831
2071
7124
2152
9686
2777
5823
2326
1806
7801
1827
6001
1536
8106
9852
8317
1066
8136
4106
4595
7407
2600
9785
6671
7877
149
877
5724
9830
4891
8917
9994
2802
8984
9031
2020
6444
3258
8425
1589
3687
8645
3939
7052
5033
4048
5198
8849
1242
2065
2448
1716
5550
4113
812
9089
772
5043
2854
4064
2400
3666
78
769
4676
3338
1873
3839
2417
1194
4088
9479
5520
6331
2385
4022
7692
5119
4099
5986
5292
3434
9882
5978
1950
2334
8282
7383
9622
8679
6695
7835
3616
8576
8358
3291
234
2977
1408
3768
2349
4858
5603
4041
9842
8122
2572
2106
3449
7993
2490
7295
5722
7712
6085
3703
1659
8965
9093
38
1997
2241
6684
1293
1280
2056
4139
9169
7312
3594
273
4795
5868
9071
2134
7871
3371
4977
4095
4440
4381
624
312
4799
5251
5995
6410
2559
3681
5401
4903
9898
3975
7483
4674
5614
9317
7520
1037
408
4534
6652
4365
6643
8376
6459
3917
7921
1966
683
7411
1088
3771
3880
4016
3194
2080
1951
6209
747
3827
4564
2905
4353
8620
7419
5304
4432
4371
8931
2070
102
2853
1913
5768
224
9149
4834
6669
5394
2815
5914
650
2633
3364
574
6025
5827
7189
724
6819
444
6580
8205
6239
2709
8761
6295
4461
2497
99
3408
4850
255
5019
1609
5808
884
1752
4942
4460
1636
1234
9441
972
5599
4494
969
1339
5529
3457
6796
2634
6714
7837
3757
432
7761
9836
2337
9573
2896
7398
4922
3283
8134
2827
7460
6068
481
7017
7613
6662
2638
9641
2240
210
9639
4422
7606
781
3751
3820
5485
3170
8034
3786
7838
6908
1144
849
3885
308
5072
3624
3281
3781
1215
6777
9272
833
3071
4262
7842
3573
1867
8545
1958
9231
3651
8606
2920
7878
6177
1370
996
7935
2888
7370
4026
1730
6648
1308
9663
8206
3716
9843
3667
1627
1192
3202
7187
4822
5720
7282
8704
6538
9835
4930
9070
2874
1863
4948
3118
2739
2519
8368
8485
4953
9175
9398
6078
4912
2909
4951
7193
1680
8489
6466
7332
5462
1430
4468
4335
2183
5667
8517
7785
2402
5328
1963
9030
6599
3638
6728
3646
8772
400
919
3181
3022
4281
5161
7695
9707
6970
6933
3922
5604
7397
117
9463
9735
3910
9154
9482
6369
1261
839
6079
3699
2485
1890
2429
6135
567
1833
8565
7717
6447
1686
8727
4145
7395
4914
7145
9206
5950
7817
625
6687
4297
6352
3220
9470
459
4770
6530
4378
4663
6180
6051
7089
6514
9964
9318
9597
1624
2228
9576
6066
1022
14
7667
1285
6738
4513
291
1278
532
8424
7157
1504
3509
2172
3374
3372
4964
3267
6045
1030
7090
9926
9936
5760
4984
7319
7489
2881
1893
5390
9568
5518
6461
2788
6912
9520
4524
8693
2833
8157
9854
1637
5105
2678
5942
5616
1715
9525
8547
489
3465
7910
3656
8332
9358
1197
9162
5788
6496
3079
4969
9943
8459
9469
2753
1629
7066
8793
5963
3770
9590
6324
6501
7076
3715
431
6038
7186
5658
4069
985
3367
5900
3605
5592
8267
7114
9766
340
6237
2069
7523
7649
6366
3580
9907
7685
8043
8862
2611
4741
8432
6881
2524
9973
3309
5317
5480
555
8857
9065
4056
8554
7531
9382
2118
6673
9719
7409
1881
2781
3857
924
8503
9240
8400
6122
8284
5040
7501
552
1712
2004
2700
301
9413
4740
9421
9738
4872
6176
9811
264
4523
3626
7141
9607
7366
3587
3522
766
9740
184
4337
3796
5926
5247
8798
2225
7485
1150
3349
9232
6024
6482
5147
5295
6333
739
2379
1642
8814
9408
3756
2933
5572
5316
8353
3092
9861
215
1954
7248
4071
6147
9166
5591
5540
8994
7890
3104
7030
6775
3471
8250
9045
9448
934
9731
8715
8225
533
5546
3506
6511
110
2857
5234
6477
3848
7805
1354
4621
775
8949
8203
2630
7091
2301
4189
5253
9265
6763
6997
7059
8397
8430
7465
9301
3148
8813
5608
2546
6495
7917
1550
8117
6735
9338
8388
604
1638
9024
690
3009
935
8765
7216
8198
2677
1468
7429
6665
9214
9516
2834
3175
2775
3889
461
9424
9292
6919
9909
484
6392
6921
3938
4668
7518
4436
2384
9499
9226
9182
3293
6847
997
7043
1911
8468
4030
738
9790
7346
7553
9798
1288
8396
1152
805
15
9618
6873
8076
3149
7682
9080
2928
220
3511
6364
7376
3478
1977
3847
4136
9730
3600
4164
3997
8143
1346
8375
5730
4666
1327
191
6404
2159
5332
6824
5907
7751
2525
5579
4302
5750
2615
5037
8812
9752
6532
4906
9150
2269
4495
1136
2747
511
1070
8868
5364
4477
7781
2515
475
2196
4660
9132
7279
157
2081
4546
3316
81
7333
8742
8642
9181
8212
8402
8550
1884
1668
5869
3508
1862
5025
4754
5143
3120
3642
8328
3946
2968
2366
9604
7427
5915
1176
8330
6625
1388
6825
2566
7140
7469
2261
592
323
5826
3169
5960
4662
3189
7884
7629
3566
2018
1258
1926
1545
7318
4020
1619
4119
4991
5412
2741
1344
6827
4748
9537
341
8692
6344
3518
8090
9121
4572
3926
423
6802
5650
8618
8193
6526
4843
5236
7653
454
9710
1816
3593
7422
3308
7060
9908
1277
1475
4320
2320
8525
4012
5798
3695
6250
6407
2506
1850
4730
9551
6542
1675
6033
1431
3482
4887
203
2328
9454
3730
2592
8362
5148
7608
3008
1473
1028
3019
297
2791
3761
5369
1462
6820
8471
9929
3016
5662
5302
9533
3929
2318
8805
8436
4502
358
1480
1614
8826
1897
9442
2577
6573
763
9750
6654
7492
8273
5902
9827
7673
1700
6925
3244
336
7836
499
7872
1271
9875
2079
2610
1098
4659
9888
4066
5586
172
7798
1416
1933
245
1603
8886
1653
4002
5882
7980
3378
677
7235
6119
517
6699
1011
541
8701
4736
1711
5090
6568
87
8243
3075
3059
9658
9262
3025
6859
7345
4234
4273
5130
2319
8327
4961
80
6063
2796
6159
8175
6002
3659
6089
672
8340
8840
4317
9176
4364
9183
1916
8292
2612
4826
9581
83
2536
8640
2294
5859
3157
2516
9990
5719
9324
5507
7296
2820
9872
4293
3550
1940
7290
6161
5765
7444
3564
3784
1329
9234
8384
5657
7335
3179
2299
4856
8539
4549
3373
2866
9129
379
2997
8296
2277
4630
4435
8423
3913
9791
7364
8837
9140
278
7199
5415
1995
1596
3273
211
8188
3765
8095
5116
9353
2433
3980
1167
5762
1905
9306
4805
2347
4476
3491
1594
7732
7298
8258
1453
894
774
6340
1826
8279
7587
6707
9728
9444
4782
2459
4177
9119
962
6813
6294
4286
7521
6725
3018
9797
2102
2900
7224
4727
8845
3352
2824
3707
44
6877
6850
6557
1122
8744
59
8305
1830
2158
5763
4446
631
6485
5806
3729
2946
711
6134
1794
2500
1272
7087
2574
2430
3575
9412
5621
8695
2832
5792
7098
7330
7828
3155
2918
1606
9534
9672
3492
6606
9213
1448
2927
3733
4757
3023
2552
6663
2746
2883
9813
3145
4044
9027
7350
852
